<?xml version="1.0" encoding="UTF-8"?><collection xmlns="http://www.loc.gov/MARC21/slim"><record><leader>00340nam--2200133-i-4500</leader><controlfield tag="001">000020316</controlfield><controlfield tag="002">20161230</controlfield><controlfield tag="005">20161230201033</controlfield><controlfield tag="008">060222s1000------------r-----000-0-eng-d</controlfield><datafield ind1=" " ind2=" " tag="080"><subfield code="a">669(023)(091)</subfield></datafield><datafield ind1=" " ind2=" " tag="100"><subfield code="a">Drimer, Dolphi., Ionescu, Sorin</subfield></datafield><datafield ind1=" " ind2=" " tag="245"><subfield code="a">Aventura metalelor</subfield></datafield><datafield ind1=" " ind2=" " tag="260"><subfield code="a">Bucuresti, Editura Cristal, 1986. 128 P</subfield></datafield><datafield ind1=" " ind2=" " tag="852"><subfield code="a">73201</subfield></datafield></record></collection>